<record><leader>00000cas a2200000 a 4500</leader><controlfield tag="001">9518405</controlfield><controlfield tag="008">830517d19361960ohudr ne      0    0eng d</controlfield><datafield ind1=" " ind2=" " tag="010"><subfield code="a">sn 83045453 </subfield></datafield><datafield ind1=" " ind2=" " tag="040"><subfield code="a">CRL</subfield><subfield code="b">eng</subfield><subfield code="c">CRL</subfield><subfield code="d">NPW</subfield><subfield code="d">DLC</subfield><subfield code="d">NPY</subfield><subfield code="d">DLC</subfield><subfield code="d">ONP</subfield><subfield code="d">CRL</subfield><subfield code="d">DLC</subfield><subfield code="d">OCLCQ</subfield><subfield code="d">CRL</subfield><subfield code="d">OCLCF</subfield></datafield><datafield ind1="1" ind2=" " tag="029"><subfield code="a">AU@</subfield><subfield code="b">000026221718</subfield></datafield><datafield ind1=" " ind2=" " tag="042"><subfield code="a">msc</subfield></datafield><datafield ind1="0" ind2="0" tag="050"><subfield code="a">Newspaper</subfield></datafield><datafield ind1="0" ind2="0" tag="245"><subfield code="a">Youngstown vindicator and the Youngstown telegram.</subfield></datafield><datafield ind1="1" ind2="3" tag="246"><subfield code="a">Youngstown vindicator</subfield></datafield><datafield ind1="1" ind2="7" tag="246"><subfield code="a">Youngstown daily vindicator</subfield></datafield><datafield ind1=" " ind2=" " tag="260"><subfield code="a">Youngstown, Ohio :</subfield><subfield code="b">Vindicator Print. Co.,</subfield><subfield code="c">1936-1960.</subfield></datafield><datafield ind1=" " ind2=" " tag="300"><subfield code="a">v.</subfield></datafield><datafield ind1=" " ind2=" " tag="310"><subfield code="a">Daily</subfield></datafield><datafield ind1="0" ind2=" " tag="362"><subfield code="a">Vol. 47, no. 302 (July 3, 1936)-v. 71, no. 246 (May 3, 1960).</subfield></datafield><datafield ind1=" " ind2=" " tag="500"><subfield code="a">"Democratic, 1936-1944, 1947-1960; Republican, 1945-1946."</subfield></datafield><datafield ind1=" " ind2=" " tag="500"><subfield code="a">Editor: William F. Maag, Jr.</subfield></datafield><datafield ind1=" " ind2=" " tag="530"><subfield code="a">Also issued on microfilm from University Microfilms International.</subfield></datafield><datafield ind1=" " ind2=" " tag="555"><subfield code="a">Subject and personal name index: 1933-1938. 6 v.</subfield></datafield><datafield ind1=" " ind2=" " tag="580"><subfield code="a">Merger of: Youngstown vindicator (Youngstown, Ohio : 1893), and: Youngstown telegram (Youngstown, Ohio : 1892).</subfield></datafield><datafield ind1=" " ind2="0" tag="651"><subfield code="a">Youngstown (Ohio)</subfield><subfield code="v">Newspapers.</subfield></datafield><datafield ind1=" " ind2="7" tag="655"><subfield code="a">Newspapers.</subfield><subfield code="2">fast</subfield><subfield code="0">(OCoLC)fst01423814</subfield></datafield><datafield ind1=" " ind2="7" tag="651"><subfield code="a">Ohio</subfield><subfield code="z">Youngstown.</subfield><subfield code="2">fast</subfield><subfield code="0">(OCoLC)fst01213545</subfield></datafield><datafield ind1="1" ind2=" " tag="700"><subfield code="a">Maag, William F.,</subfield><subfield code="d">1883-1968.</subfield></datafield><datafield ind1=" " ind2=" " tag="752"><subfield code="a">United States</subfield><subfield code="b">Ohio</subfield><subfield code="c">Mahoning</subfield><subfield code="d">Youngstown.</subfield></datafield><datafield ind1="1" ind2="4" tag="780"><subfield code="t">Youngstown vindicator (Youngstown, Ohio : 1893)</subfield><subfield code="w">(DLC)sn 84028466</subfield><subfield code="w">(OCoLC)2269790</subfield></datafield><datafield ind1="1" ind2="4" tag="780"><subfield code="t">Youngstown telegram (Youngstown, Ohio : 1892)</subfield><subfield code="w">(DLC)sn 84028464</subfield><subfield code="w">(OCoLC)10129143</subfield></datafield><datafield ind1="0" ind2="0" tag="785"><subfield code="t">Youngstown vindicator (Youngstown, Ohio : 1960)</subfield><subfield code="w">(DLC)sn 84028467</subfield><subfield code="w">(OCoLC)5424159</subfield></datafield></record>